<?xml version="1.0" encoding="UTF-8"?><collection xmlns="http://www.loc.gov/MARC21/slim"><record><leader>00491nam--2200145-i-4500</leader><controlfield tag="001">000023580</controlfield><controlfield tag="002">20161230</controlfield><controlfield tag="005">20161230201035</controlfield><controlfield tag="008">060222s1000------------r-----000-0-eng-d</controlfield><datafield ind1=" " ind2=" " tag="080"><subfield code="a">543.422.4</subfield></datafield><datafield ind1=" " ind2=" " tag="100"><subfield code="a">Griffiths, Peter R</subfield></datafield><datafield ind1=" " ind2=" " tag="245"><subfield code="a">Chemical infrared fourier transform spectroscopy</subfield></datafield><datafield ind1=" " ind2=" " tag="260"><subfield code="a">New York, John Wiley &amp; Sons, 1975. X + 340p</subfield></datafield><datafield ind1=" " ind2=" " tag="490"><subfield code="a">Chemical Analysis. A Series Of Monographs On Analytical Chemistry And Its Aplications. Editors P.J. Elvings, A.Vol.43</subfield></datafield><datafield ind1=" " ind2=" " tag="852"><subfield code="a">13701</subfield></datafield></record></collection>